@book{adams1995hitchhiker,
  title={The Hitchhiker's Guide to the Galaxy},
  author={Adams, D.},
  isbn={9781417642595},
  url={http://books.google.com/books?id=W-xMPgAACAAJ},
  year={1995},
  publisher={San Val}
}

@online{Wareable,
    title       = "Explained: How does VR actually work?",
    author      = "Sophie Charara at www.wareable.com",
    date        = "2017-05-22",
    url         = "https://www.wareable.com/vr/how-does-vr-work-explained",
    urldate     = "2017-09-28"
}
